@book{reid,
	author = {Miles Reid},
	year = {2013},
	title = {Undergraduate Algebraic Geometry},
	publisher = {Cambridge University Press},
	edition = {2nd},
}


@book{artin,
	author = {Michael Artin},
	year = {2011},
	title = {Algebra},
	publisher = {Pearson},
	edition = {2nd},
}

@book{smith,
	author = {Karen E. Smith and Lauri Kahanp\"{a}\"{a} and Pekka Kek\"{a}l\"{a}inen and William Traves},
	year = {2000},
	title = {An Invitation to Algebraic Geometry},
	publisher = {Springer-Verlag},
}

@book{aluffi,
	author = {Paolo Aluffi},
	year = {2009},
	title = {Algebra: Chapter 0},
	publisher = {American Mathematical Society},
	edition = {1st}
}

@misc{vakil,
	author = {Ravi Vakil},
	year = {2017}, 
	month = {November},
	day = {18},
	title = {The Rising Sea: Foundations of Algebraic Geometry},
	howpublished = {\url{http://math.stanford.edu/~vakil/216blog/}}
}

@misc{gathmann,
	author = {Andreas Gathmann},
	year = {2022}, 
	month = {February},
	title = {Algebraic Geometry},
	howpublished = {\url{https://www.mathematik.uni-kl.de/~gathmann/en/alggeom.php}}
}